@article{pflug2012ear,
  title={Ear biometrics: a survey of detection, feature extraction and recognition methods},
  author={Pflug, Anika and Busch, Christoph},
  journal={Biometrics, IET},
  volume={1},
  number={2},
  pages={114--129},
  year={2012},
  publisher={IET}
}

@article{abaza,
  title={A survey on ear biometrics},
  author={Abaza, Ayman and Ross, Arun and Hebert, Christina and Harrison, Mary Ann F and Nixon, Mark S},
  journal={ACM computing surveys (CSUR)},
  volume={45},
  number={2},
  pages={22},
  year={2013},
  publisher={ACM}
}

@article{tariq,
  title={Personal identification using ear recognition},
  author={Tariq, Anam and Akram, M Usman},
  journal={TELKOMNIKA (Telecommunication Computing Electronics and Control)},
  volume={10},
  number={2},
  pages={321--326},
  year={2012}
}