%% This BibTeX bibliography file was created using BibDesk.
%% http://bibdesk.sourceforge.net/


%% Created for david andrews at 2005-11-04 08:56:08 -0600 

%% References our work!!! Very good ref.
@inproceedings{Zhou:OSframe,
	Author = {Bo Zhou and Weidong Qiu and Chenlian Peng},
	Booktitle = {{The 5th International Conference on Computer and Information Technology (CIT)}},
	Pages = {788-792},
	Title = {{An Operating System Framework for Reconfigurable Systems}},
	Year = {2005}}

@book{posixBook,
 author = {David R. Butenhof},
 title = {{Programming with POSIX threads}},
 year = {1997},
 isbn = {0-201-63392-2},
 publisher = {{Addison-Wesley Longman Publishing Co., Inc.}},
 address = {{Boston, MA, USA}},
 }

@inproceedings{etfa05,
	Author = {David Andrews and Wesley Peck and Jason Agron and Keith Preston and Ed Komp and Mike Finley and Ron Sass},
	Booktitle = {{Proceedings of the 10th IEEE International Conference on Emerging Technologies and Factory Automation (ETFA)}},
	Date-Added = {2005-02-03 09:15:30 -0600},
	Date-Modified = {2005-02-03 09:18:04 -0600},
	Title = {{hThreads: A Hardware/Software Co-Designed Multithreaded RTOS Kernel}},
	Month = {September},
    address =     "Catania, Sicily",
	Year = {2005}}

@misc{ linuxSchedDelay,
  author = "Clark Williams",
  howpublished = "{Red Hat Inc. Technical Paper}",
  note = {http://www.linuxdevices.com/files/article027/rh-rtpaper.pdf},
  title = "{Linux Scheduler Latency}" }

@inproceedings{ rtuPerfNumbers,
  author = {Tobias Samuelsson and Mikael Akerholm and Peter Nygren and Johan Starner and Lennart Lindh},
  booktitle = {{Proceedings of the 15th Euromicro Workshop on Real-Time Systems}},
  title = {{A Comparison of Multiprocessor RTOS Implemented in Hardware and Software}},
  year = {2003},
  url = {http://www.mrtc.mdh.se/publications/0662.pdf}}

@inproceedings{ adomat96realtime,
  author = {J. Adomat and J. Furuns and L. Lindh and J. Starner},
  booktitle = {{Proceedings of the 8th Euromicro Workshop on Real-Time Systems}},
  title = {{Real-Time Kernel in Hardware RTU: A Step Towards Deterministic and High-Performance
    Real-Time Systems}},
  year = {1996},
  url = {citeseer.ist.psu.edu/adomat96realtime.html}}

@book{EECS678:book,
 author = {Abraham Silberschatz and Peter Baer Galvin and Greg Gagne},
 title = {{Operating System Concepts, 6th Edition}},
 year = {2001},
 isbn = {0471417432},
 publisher = {John Wiley \& Sons, Inc.},
 address = {New York, NY, USA},
 }

@book{HennPatt:book,
 author = {David A. Patterson and John L. Hennessy},
 title = {{Computer architecture: A Quantitative Approach}},
 year = {1990},
 isbn = {1-55880-069-8},
 publisher = {Morgan Kaufmann Publishers Inc.},
 address = {San Francisco, CA, USA},
 }

@url{wiki,
	author = {{KU HybridThreads}},
	howpublished = {{http://wiki.ittc.ku.edu/hybridthread/Main\_Page}},
  	note  = {Last accessed {\today}.},
	title = {{Project Wiki}}}

@periodical{Wirthlin:1995mq,
	Author = {M. J. Wirthlin and B. L. Hutchings},
	Booktitle = {{DISC: The Dynamic Instruction Set Computer}},
	Date-Added = {2005-10-31 13:46:47 -0600},
	Date-Modified = {2005-10-31 13:51:24 -0600},
	Journal = {{Field Programmable Gate Arrays (FPGAs) for Fast Board Development and Reconfigurable Computing}},
	Pages = {92-103},
	Title = {{DISC: The Dynamic Instruction Set Computer}},
	Volume = {SPIE 2607},
	Year = {1995}}

@inproceedings{Najjar:2003md,
	Author = {Walid A. Najjar and Wim Bohm and Bruce A. Draper and Jeff Hammes and Robert Rinker and J. Ross Beveridge and Monica Chawathe and Charles Ross},
	Booktitle = {IEEE Computer},
	Date-Added = {2005-11-04 08:53:50 -0600},
	Date-Modified = {2005-11-04 08:55:56 -0600},
	Pages = {63-69},
	Publisher = {IEEE Computer},
	Title = {{High-Level Language Abstraction for Reconfigurable Computing}},
	Year = {August 2003}}

@url{:wg,
	Author = {Norman Ramsey},
	Date-Added = {2005-11-03 11:21:46 -0600},
	Date-Modified = {2005-11-03 11:23:04 -0600},
	Title = {{C-- Homepage}},
	Url = {http://www.cminusminus.org/}}

@url{celoxica:wx,
	Author = {celoxica},
	Date-Added = {2005-11-02 07:21:49 -0600},
	Date-Modified = {2005-11-02 07:22:37 -0600},
	Title = {{HandelC}},
	Url = {www.celoxica.com}}

@url{SystemC:zl,
	Author = {{SystemC}},
	Title = {{SystemC}},
	Date-Added = {2005-11-02 07:23:01 -0600},
	Date-Modified = {2005-11-02 07:24:01 -0600},
	Url = {www.systemc.org}}

@periodical{Callahan:2000fe,
	Author = {Timothy Callahan and John R. Hauser and John Wawrzynek},
	Date-Added = {2005-11-01 14:38:47 -0600},
	Date-Modified = {2005-11-01 14:40:12 -0600},
	Journal = {IEEE Computer},
	Pages = {62-69},
	Title = {{The GARP Architecture and C Compiler}},
	Volume = {33(4)},
	Year = {2000}}

@electronic{Callahan:mo,
	Author = {Timothy Callahan},
	Date-Added = {2005-11-01 14:40:52 -0600},
	Date-Modified = {2005-11-01 14:42:51 -0600},
	Journal = {{Ph.D. Dissertation University of California Berkeley}},
	Title = {{Automatic Compilation of C for Hybrid Reconfigurable Architectures}},
	Url = {http://brass.cs.berkeley.edu/documents/tjc_thesis.html}}

@electronic{:oy,
	Date-Added = {2005-10-02 12:45:23 -0500},
	Date-Modified = {2005-10-02 12:47:17 -0500},
	Local-Url = {http://suif.stanford.edu/suif/NCI/suif.html},
	Title = {Stanford University Intermediate Form}}

@electronic{cite-key,
	Author = {David W. Wall},
	Bibsource = {DBLP, http://dblp.uni-trier.de},
	Booktitle = {ASPLOS},
	Date-Added = {2005-11-01 14:50:01 -0600},
	Date-Modified = {2005-11-01 14:50:05 -0600},
	Pages = {176-188},
	Title = {{Limits of Instruction-Level Parallelism}},
	Year = {1991}}

@article{Andrews:2004gv,
	Author = {David Andrews and Douglas Niehaus and Peter J. Ashenden},
	Date-Added = {2005-01-25 15:27:46 -0600},
	Date-Modified = {2005-01-25 15:29:29 -0600},
	Journal = {IEEE Computer},
	Keywords = {hybridthreads},
	Pages = {118-120},
	Title = {{Programming Models for Hybrid CPU/FPGA Chips}},
	Volume = {37(1)},
	Year = {2004}}

@inproceedings{Wall:1991kz,
	Author = {David W. Wall},
	Bibsource = {DBLP, http://dblp.uni-trier.de},
	Booktitle = {ASPLOS},
	Date-Added = {2005-11-01 14:50:36 -0600},
	Date-Modified = {2005-11-01 14:50:48 -0600},
	Pages = {176-188},
	Title = {{Limits of Instruction-Level Parallelism}},
	Year = {1991}}

@inproceedings{Peck:dq,
	Author = {W. Peck and J. Agron and D. Andrews and M. Finley and E. Komp},
	Booktitle = {{Proceedings of the 25th IEEE International Real-Time Systems Symposium, Works in Progress Session (RTSS WIP)}},
	Date-Added = {2005-02-03 09:15:30 -0600},
	Date-Modified = {2005-02-03 09:18:04 -0600},
	Title = {{Hardware/Software Co-Design of Operating Systems for Thread Management and Scheduling}},
    address =     "Lisbon, Portugal",
	Month = {December},
	Year = {2004}}

@inproceedings{Lam:1992gm,
	Author = {Monica S. Lam and Robert P. Wilson},
	Bibsource = {DBLP, http://dblp.uni-trier.de},
	Booktitle = {ISCA},
	Date-Added = {2005-11-01 14:56:19 -0600},
	Date-Modified = {2005-11-01 14:56:28 -0600},
	Pages = {46-57},
	Title = {{Limits of Control Flow on Parallelism}},
	Year = {1992}}

@periodical{Wirthlin:1995hb,
	Author = {M. J. Wirthlin and Brad Hutchins},
	Date-Added = {2005-10-31 13:52:28 -0600},
	Date-Modified = {2005-10-31 13:54:09 -0600},
	Journal = {{Proceedings of the IEEE Workshop on FPGAs for Custom Computing Machines}},
	Pages = {99-107},
	Title = {{Dynamic Instruction Computer}},
	Year = {1995}}

@article{Durrant:2002,
	Author = {Michael Durrant and Michael Leslie},
	Date-Added = {2005-05-14 12:18:22 -0500},
	Date-Modified = {2005-05-14 13:33:32 -0500},
	Journal = {Embedded.Com},
	Title = {{How uClinux Provides MMU-less Processors with an Alternative}},
	Urldate = {05/10/2005},
	Year = {02/12/2002}}

@periodical{Wazlowski:1993qv,
	Author = {M. Wazlowski and L. Agarwal and T. Lee and A. Smith and E. Lam and P. Athanas and H. Silverman and S. Ghosh},
	Date-Added = {2005-10-31 13:56:46 -0600},
	Date-Modified = {2005-10-31 13:59:37 -0600},
	Journal = {{Proceedings of the IEEE Workshop on FPGAs for Custom Computing Machines}},
	Pages = {9-16},
	Title = {{PRISM-II Compiler and Architecture}},
	Year = {1993}}

@proceedings{So:2002kq,
	Author = {B. So and M.W. Hall and P.Diniz},
	Date-Added = {2005-10-02 12:49:26 -0500},
	Date-Modified = {2005-10-02 12:52:00 -0500},
	Journal = {{Proceedings of the ACM Conference on Programming Language Design and Implementation}},
	Month = {June},
	Title = {{A Compiler Approach to Design Space Exploration in FPGA-Based Sysems}},
	Year = {2002}}

@periodical{Athanas:1993wg,
	Author = {Peter Athanas and Harvey Silverman},
	Date-Added = {2005-10-31 14:01:36 -0600},
	Date-Modified = {2005-10-31 14:02:49 -0600},
	Journal = {IEEE Computer},
	Pages = {11-18},
	Title = {{Processor Reconfiguration Through Instruction-Set Metamorphosis}},
	Volume = {26},
	Year = {1993}}

@periodical{Gokhale:1991ip,
	Author = {Maya Gokhale and William Holmes and Andrew Kopser and Sara Lucas and Ronald Minnich and Douglas Sweely and Daniel Lopresti},
	Date-Added = {2005-10-31 14:04:41 -0600},
	Date-Modified = {2005-10-31 14:07:28 -0600},
	Journal = {IEEE Computer},
	Pages = {81-89},
	Title = {{Building and Using a Highly Programmable Logic Array}},
	Volume = {24(1)},
	Year = {1991}}

@inproceedings{Andrews:2004mq,
	Address = {Madrid, Spain},
	Author = {David Andrews and Douglas Neihaus and Razali Jidin},
	Booktitle = {{1st Workshop on Embedded Processor Architectures in association with the International Symposium on Computer Architecture (ISCA)}},
	Date-Added = {2005-01-25 15:45:00 -0600},
	Date-Modified = {2005-01-25 15:47:26 -0600},
	Month = {Feb.},
	Title = {{Implementing the Thread Programming Model on Hybrid FPGA/CPU Computational Components}},
	Year = {2004}}

@periodical{Gokhale:1994fe,
	Author = {Maya Gokhale and Ron Minnich},
	Date-Added = {2005-10-31 14:08:21 -0600},
	Date-Modified = {2005-10-31 14:09:36 -0600},
	Journal = {Proceedings of the IEEE Workshop on FPGAs for Custom Computing Machines},
	Pages = {94-101},
	Title = {{FPGA Computing in a Data Parallel C}},
	Year = {1994}}

@article{Park:2004uf,
	Author = {Joonseok Park and Pedro C. Diniz and K.R. Shesha Shayee},
	Date-Added = {2005-10-02 12:56:01 -0500},
	Date-Modified = {2005-10-02 12:59:05 -0500},
	Journal = {IEEE Transactions on Computers},
	Month = {November},
	Number = {11},
	Pages = {1420 thru 1435},
	Title = {{Performance and Area Modeling of Complete FPGA Designs in the Presence of Loop Transformations}},
	Volume = {53},
	Year = {2004}}

@periodical{Hauser:zq,
	Author = {J. Hauser and J. Wawrzynek},
	Date-Added = {2005-10-31 14:10:01 -0600},
	Date-Modified = {2005-10-31 14:12:51 -0600},
	Journal = {{Proceedings of the IEEE Workshop on FPGAs for Custom Computing Machines}},
	Title = {{GARP: A MIPS Processor with a Reconfigurable Coprocessor}},
	Year = {1997}}

@inproceedings{Guo:2005yp,
	Author = {Z. Guo and B. Buyukkurt and W. Najjar and K. Vissers},
	Date-Added = {2005-10-02 13:04:52 -0500},
	Date-Modified = {2005-10-02 13:06:24 -0500},
	Booktitle = {Proceedings of the ACM/IEEE Design Automation and Test (DATE)},
	Month = {March},
	Title = {{Optimized Generation of Data-Path from C Codes}},
	Year = {2005}}

@periodical{al:pg,
	Author = {S.C. Goldstein et al},
	Date-Added = {2005-10-31 14:13:22 -0600},
	Date-Modified = {2005-10-31 14:14:54 -0600},
	Journal = {Proceedings of the International Symposium on Computer Architecture (ISCA)},
	Title = {{PipeRench: A Coprocessor for Streaming Multimedia Acceleration}},
	Year = {1999}}

@inproceedings{Niehaus:2003vt,
	Address = {Isle of Capri, Italy},
	Author = {Douglas Niehaus and David Andrews},
	Booktitle = {{9th International Workshop on Object-Oriented Real-Time Dependable Systems}},
	Date-Added = {2005-01-25 15:41:52 -0600},
	Date-Modified = {2005-01-25 15:43:20 -0600},
	Month = {September},
	Title = {{Using the Multi-Threaded Computation Model as a Unifying Framework for Hardware-Software Co-Design and Implementation}},
	Year = {2003}}

@electronic{:of,
	Date-Added = {2005-10-02 13:07:07 -0500},
	Date-Modified = {2005-10-02 13:08:26 -0500},
	Title = {SPARK Project},
	Url = {http://mesl.ucsd.edu/spark/}}

@inproceedings{Andrews:uf,
	Author = {David Andrews and Douglas Niehaus},
	Booktitle = {Proceedings of Workshop on Massively Parallel Processors (MPP)},
	Date-Added = {2005-01-25 15:36:29 -0600},
	Date-Modified = {2005-01-25 15:39:59 -0600},
	Title = {{Architectural Frameworks for MPP Systems on a Chip}},
	Year = {2003}}

@inproceedings{Jidin:2004oz,
	Author = {Razali Jidin and David Andrews and Douglas Neihaus},
	Booktitle = {Proceedings of the International Conference on Engineering of Reconfigurable Systems and Algorithms (ERSA)},
	Date-Added = {2005-01-25 15:32:01 -0600},
	Date-Modified = {2005-01-25 15:35:54 -0600},
	Pages = {116-122},
	Title = {{Implementing Multi Threaded System Support for Hybrid FPGA/CPU Computational Components}},
	Year = {2004}}

@article{Andrews:2004wu,
	Author = {David Andrews and Douglas Niehaus and Razali Jidin and Michael Finley and Wesley Peck and Michael Frisbee and Jorge Ortiz and Ed Komp and Peter Ashenden},
	Date-Added = {2005-01-25 15:29:31 -0600},
	Date-Modified = {2005-01-25 15:31:42 -0600},
	Journal = {IEEE Micro},
	Pages = {42-53},
	Title = {{Programming Models for Hybrid FPGA-CPU Computational Components: A Missing Link}},
	Volume = {24(4)},
	Year = {2004}}

@inproceedings{Agron:rt,
	Author = {Jason Agron and David Andrews and Michael Finley and Ed Komp and Wesley Peck},
	Booktitle = {Proceedings of the 25th IEEE International Real-Time Systems Symposium, Works in Progress Session (RTSS WIP)},
	Date-Added = {2005-02-03 09:22:32 -0600},
	Date-Modified = {2005-02-03 09:23:48 -0600},
	Title = {{FPGA Implementation of a Priority Scheduler Module}},
    address =     "Lisbon, Portugal",
	Month = {December},
	Year = {2004}}

@article{H.-mangione-smith:1997by,
	Author = {William H. Mangione Smith and Brad Hutchins and David Andrews and Andre DeHon and Carl Ebeling and Reiner Hartenstein and Oskar Mencer and John Morris and Krishna Palem and Viktor K. Prassana and Henk A. E. Spannenburg},
	Date-Added = {2005-09-14 20:02:45 -0500},
	Date-Modified = {2005-09-15 14:06:07 -0500},
	Journal = {IEEE Computer},
	Month = {December},
	Number = {12},
	Pages = {38-43},
	Title = {{Seeking Solutions in Configurable Computing}},
	Volume = {30},
	Year = {1997}}

@url{xilinx,
  author        = {Xilinx},
  title         = {Programmable Logic Devices},
  howpublished  = {{http://www.xilinx.com/}},
  note          = {Last accessed {\today}.},
}

@article{andrews04b,
  author =      "David Andrews and Douglas Niehaus and Razali Jidin
    and Michael Finley and Wesley Peck and Michael Frisbie and Jorge Ortiz
    and  Ed Komp and Peter Ashenden",
  title =       "{Programming Models for Hybrid {FPGA/CPU} Computational
    Components: A Missing Link}",
  journal =	"IEEE Micro",
  volume =	"24",
  number =	"4",
  pages = 	"42--53",
  year =	"2004",
  month =	"July/August",
}

@article{andrews04a,
  author =      "David Andrews and Douglas Niehaus and Peter Ashenden",
  title =       "{Programming Models for Hybrid {FPGA/CPU} Computational
    Components}",
  journal =	"IEEE Computer",
  volume =	"37",
  number =	"1",
  pages = 	"118--120",
  year =	"2004",
  month =	jan,
}

@inproceedings{niehaus03,
  author =      "Douglas Niehaus and David Andrews",
  title =       "{Using the Multi-Threaded Computation Model as a
    Unifying Framework for Hardware-Software Co-Design and Implementation}",
  booktitle =   "Proceedings of the 9th Workshop on Object-oriented
    Real-time Dependable Systems (WORDS)",
  month =	sep,
  year =        "2003",
  pages =       "318--326",
  address =     "Isle of Capri, Italy",
}

@misc{memec,
  author        = {Memec},
  title         = {Semiconductor Distributor --- Programmable Logic,
    Analog, {ASSP}},
  howpublished  = {{http://www.memec.com/}},
  note          = {Last accessed {\today}.},
}

@inproceedings{lee03,
  author =      "J. Lee and V. Mooney and K. Instrom and A. Daleby and
     T. Klevin and L. Lindh",
  title =       "{A Comparison of the {RTU} Hardware {RTOS} with a
    Hardware/Software {RTOS}}",
  booktitle =   "Proceedings of the Asia and South Pacific Design
    Automation Conference (ASP-DAC)",
  month =	jan,
  year =        "2003",
  pages =       "683--688",
  address =     "Kitaskyushu International Conference Center, Japan",
}

@url{realfast,
  author        = {Realfast},
  title         = {Realfast},
  howpublished  = {{http://www.realfast.se/}},
  note          = {Last accessed {\today}.},
}


@article{mooney02,
  author =      "Vincent J. Mooney III and Douglas M. Blough",
  title =       "{A Hardware-Software Real-Time Operating System Framework
    for SOCs}",
  journal =	"IEEE Design \& Test",
  volume =	"19",
  number =	"6",
  pages = 	"44--51",
  year =	"2002",
  month =	"Nov/Dec",
}

@inproceedings{proc01,
  author =      "Frederick M. Proctor",
  title =       "{Measuring Performance in Real-Time Linux}",
  booktitle =   "Presentation from the Proceedings of the 3rd Real-Time Linux Workshop (RTLW)",
  month =	nov,
  year =        "2001",
  address =     "Milan, Italy",
}

@inproceedings{ furuns00,
  author = "Johan Furunas",
  title = "{Benchmarking of a Real-Time System that Utilises a Booster}",
  booktitle = " Proceedings of the International Conference on Parallel and Distributed Processing Techniques
    and Applications (PDPTA 2000)",
  month = jun,
  year = "2000",
  address = "Las Vegas, Nevada",
  url = "citeseer.ist.psu.edu/furuns00benchmarking.html"
}

@inproceedings{ kreuzinger00,
  author = "J. Kreuzinger and A. Schulz and M. Pfeffer and T. Ungerer and U. Brinkschulte and C. Krakowski",
  title = "{Real-time Scheduling on Multithreaded Processors}",
  booktitle = "Proceedings of the 7th International Conference on Real-Time Computing Systems and Applications (RTCSA)",
  month 	= dec,
  year 		= "2000",
  pages		= "155--159",
  address	= "Cheju Island, South Korea",
  url = "citeseer.ist.psu.edu/kreuzinger00realtime.html",
}


@inproceedings{ yodaiken99rtlinux,
  author = "Victor Yodaiken",
  title = "{The RTLinux Manifesto}",
  booktitle = "Proceedings of The 5th Linux Expo, Raleigh, NC", 
  month = mar,
  year = "1999",
  url = "citeseer.ist.psu.edu/yodaiken99rtlinux.html"
}

@inproceedings{configHWsched,
  author = "P. Kuacharoen and M. Shalan and V. Mooney~{III}",
  title = "{A Configurable Hardware Scheduler for Real-Time Systems}",
  booktitle = "{Proceedings of the International Conference on Engineering of
    Reconfigurable Systems and Algorithms}",
  pages = "96--101",
  month = jun,
  year = "2003",
  url = "citeseer.ist.psu.edu/kuacharoen03configurable.html" 
}

@misc{ joan-hardware,
  author = "Sergio Saez and Joan Vila and Alfons Crespo and Angel Garcia",
  title = "{A Hardware Scheduler for Complex Real-Time Systems}" }

@article{ moon00scalable,
    author = "Sung Whan Moon and Jennifer Rexford and Kang G. Shin",
    title = "{Scalable Hardware Priority Queue Architectures for High-Speed Packet Switches}",
    journal = "{IEEE Transactions on Computers}",
    booktitle = "{IEEE Transactions on Computers}",
    volume = "49",
    number = "11",
    pages = "1215-1227",
    year = "2000",
    url = "citeseer.ist.psu.edu/moon97scalable.html" 
}

@article{stankovicJitter,
 author = {Marco Di Natale and John A. Stankovic},
 title = {{Scheduling Distributed Real-Time Tasks with Minimum Jitter}},
 journal = {{IEEE Transactions on Computers}},
 volume = {49},
 number = {4},
 year = {2000},
 issn = {0018-9340},
 pages = {303--316},
 doi = {http://dx.doi.org/10.1109/12.844344},
 publisher = {IEEE Computer Society},
 address = {Washington, DC, USA},
 }

@book{rtKopetz,
 author = {Hermann Kopetz},
 title = {{Real-Time Systems: Design Principles for Distributed Embedded Applications}},
 year = {1997},
 isbn = {0792398947},
 publisher = {Kluwer Academic Publishers},
 address = {Norwell, MA, USA},
 }
